%% do not edit this file, edit in the deal.II main repository, copy here, but
%% keep this note in here for the next one.

%% The deal.II paper

@article{BangerthHartmannKanschat2007,
  title   = {{deal.II} --- a General Purpose Object Oriented Finite Element Library},
  author  = {Bangerth, W. and Hartmann, R. and Kanschat, G.},
  journal = {{ACM} Transactions on Mathematical Software},
  volume  = {33},
  number  = {4},
  year    = {2007},
  pages   = {24--es},
  doi     = {10.1145/1268776.1268779}
}

@article{pazner2023low,
  title={Low-order preconditioning for the high-order finite element de {Rham} complex},
  author={Pazner, Will and Kolev, Tzanio and Dohrmann, Clark R},
  journal={SIAM Journal on Scientific Computing},
  volume={45},
  number={2},
  pages={A675--A702},
  year={2023},
  publisher={SIAM}
}

@article{dealII2020design,
  title   = {The {deal.II} finite element library: {D}esign, features, and
             insights},
  author  = {Daniel Arndt and Wolfgang Bangerth and Denis Davydov and Timo
             Heister and Luca Heltai and Martin Kronbichler and Matthias Maier
             and Jean-Paul Pelteret and Bruno Turcksin and David Wells},
  journal = {Computers \& Mathematics with Applications},
  volume  = {81},
  pages   = {407--422},
  year    = {2021},
  doi     = {10.1016/j.camwa.2020.02.022}
}

@misc{changes84,
  title = {List of changes for \dealii{} release 8.4},
  note  = {\url{https://www.dealii.org/developer/doxygen/deal.II/changes_between_8_3_and_8_4.html}},
  url   = {https://www.dealii.org/developer/doxygen/deal.II/changes_between_8_3_and_8_4.html}
}

@misc{changes85,
  title = {List of changes for \dealii{} release 8.5},
  note  = {\url{https://www.dealii.org/developer/doxygen/deal.II/changes_between_8_4_2_and_8_5_0.html}},
  url   = {https://www.dealii.org/developer/doxygen/deal.II/changes_between_8_4_2_and_8_5_0.html}
}

@misc{changes90,
  key   = {List of changes},
  title = {List of changes for \dealii{} release 9.0},
  note  = {\url{https://www.dealii.org/developer/doxygen/deal.II/changes_between_8_5_and_9_0.html}},
  url   = {https://www.dealii.org/developer/doxygen/deal.II/changes_between_8_5_0_and_9_0.html}
}

@misc{changes91,
  key   = {List of changes},
  title = {List of changes for \dealii{} release 9.1},
  note  = {\url{https://www.dealii.org/developer/doxygen/deal.II/changes_between_9_0_1_and_9_1_0.html}},
  url   = {https://www.dealii.org/developer/doxygen/deal.II/changes_between_9_0_1_and_9_1_0.html}
}

@misc{changes92,
  key   = {List of changes},
  title = {List of changes for \dealii{} release 9.2},
  note  = {\url{https://www.dealii.org/developer/doxygen/deal.II/changes_between_9_1_1_and_9_2_0.html}},
  url   = {https://www.dealii.org/developer/doxygen/deal.II/changes_between_9_1_1_and_9_2_0.html}
}

@misc{changes93,
  key   = {List of changes},
  title = {List of changes for \dealii{} release 9.3},
  note  = {\url{https://www.dealii.org/developer/doxygen/deal.II/changes_between_9_2_0_and_9_3_0.html}},
  url   = {https://www.dealii.org/developer/doxygen/deal.II/changes_between_9_2_0_and_9_3_0.html}
}

@misc{changes94,
  key   = {List of changes},
  title = {List of changes for \dealii{} release 9.4},
  note  = {\url{https://www.dealii.org/developer/doxygen/deal.II/changes_between_9_3_3_and_9_4_0.html}},
  url   = {https://www.dealii.org/developer/doxygen/deal.II/changes_between_9_3_3_and_9_4_0.html}
}

@misc{changes95,
  key   = {List of changes},
  title = {List of changes for \dealii{} release 9.5},
  note  = {\url{https://www.dealii.org/developer/doxygen/deal.II/changes_between_9_4_2_and_9_5_0.html}},
  url   = {https://www.dealii.org/developer/doxygen/deal.II/changes_between_9_4_2_and_9_5_0.html}
}

@misc{changes96,
  key   = {List of changes},
  title = {List of changes for \dealii{} release 9.6},
  note  = {\url{https://dealii.org/developer/doxygen/deal.II/changes_between_9_5_2_and_9_6_0.html}},
  url   = {https://dealii.org/developer/doxygen/deal.II/changes_between_9_5_2_and_9_6_0.html}
}

@misc{changes97,
  key   = {List of changes},
  title = {List of changes for \dealii{} release 9.7},
  note  = {\url{https://dealii.org/developer/doxygen/deal.II/changes_between_9_6_0_and_9_7_0.html}},
  url   = {https://dealii.org/developer/doxygen/deal.II/changes_between_9_6_0_and_9_7_0.html}
}


@article{dealII80,
  title   = {The \texttt{deal.II} Library, Version 8.0},
  author  = {W. Bangerth and T. Heister and L. Heltai and G. Kanschat
             and M. Kronbichler and M. Maier and B. Turcksin and T. D. Young},
  journal = {arXiv preprint \url{http://arxiv.org/abs/1312.2266v3}},
  year    = {2013}
}

@article{dealII81,
  title   = {The \texttt{deal.II} Library, Version 8.1},
  author  = {W. Bangerth and T. Heister and L. Heltai and G. Kanschat
             and M. Kronbichler and M. Maier and B. Turcksin and T. D. Young},
  journal = {arXiv preprint \url{http://arxiv.org/abs/1312.2266v4}},
  year    = {2013}
}

@article{dealII82,
  title   = {The \texttt{deal.II} Library, Version 8.2},
  author  = {W. Bangerth and T. Heister and L. Heltai
             and G. Kanschat and M. Kronbichler
             and M. Maier and B. Turcksin
             and T. D. Young},
  journal = {Archive of Numerical Software},
  volume  = 3,
  year    = {2015}
}

@article{dealII83,
  title   = {The \texttt{deal.II} Library, Version 8.3},
  author  = {W. Bangerth and T. Heister and L. Heltai
             and G. Kanschat and M. Kronbichler
             and M. Maier and B. Turcksin},
  journal = {Archive of Numerical Software},
  volume  = {4},
  number  = {100},
  year    = {2016},
  pages   = {1--11},
  issn    = {2197-8263},
  doi     = {10.11588/ans.2016.100.23122}
}

 @article{dealII85,
  title   = {The \texttt{deal.II} Library, Version 8.5},
  author  = {D. Arndt and W. Bangerth and D. Davydov and T. Heister and
             L. Heltai and M. Kronbichler and M. Maier and J.-P. Pelteret
             and B. Turcksin and D. Wells},
  journal = {Journal of Numerical Mathematics},
  year    = {2017},
  volume  = 25,
  number  = 3,
  pages   = {137--146},
  doi     = {10.1515/jnma-2016-1045}
}

@article{dealII84,
  title   = {The \texttt{deal.II} Library, Version 8.4},
  author  = {W. Bangerth and D. Davydov and T. Heister and
             L. Heltai and G. Kanschat and M. Kronbichler and M. Maier
             and B. Turcksin and D. Wells},
  journal = {Journal of Numerical Mathematics},
  year    = {2016},
  volume  = {24},
  number  = {3},
  pages   = {135--141},
  doi     = {10.1515/jnma-2016-1045}
}



@article{dealII90,
  title   = {The \texttt{deal.II} Library, Version 9.0},
  author  = {G. Alzetta and D. Arndt and W. Bangerth and V. Boddu and
             B. Brands and D. Davydov and R. Gassmoeller and T. Heister and
             L. Heltai and K. Kormann and M. Kronbichler and M. Maier and
             J.-P. Pelteret and B. Turcksin and D. Wells},
  journal = {J. Numer. Math.},
  volume  = {26},
  number  = {4},
  pages   = {173--184},
  year    = 2018,
  doi     = {10.1515/jnma-2018-0054}
}


@article{dealII91,
  doi       = {10.1515/jnma-2019-0064},
  url       = {https://doi.org/10.1515/jnma-2019-0064},
  year      = {2019},
  publisher = {Walter de Gruyter {GmbH}},
  volume    = {27},
  number    = {4},
  pages     = {203--213},
  author    = {Daniel Arndt and Wolfgang Bangerth and Thomas C. Clevenger and Denis Davydov and Marc Fehling and Daniel Garcia-Sanchez and Graham Harper and Timo Heister and Luca Heltai and Martin Kronbichler and Ross Maguire Kynch and Matthias Maier and Jean-Paul Pelteret and Bruno Turcksin and David Wells},
  title     = {The \texttt{deal.II} library, Version 9.1},
  journal   = {Journal of Numerical Mathematics}
}


@article{dealII92,
  title     = {The \texttt{deal.II} Library, Version 9.2},
  author    = {Daniel Arndt and Wolfgang Bangerth and Bruno Blais and
               Thomas C. Clevenger and Marc Fehling and Alexander V. Grayver and
               Timo Heister and Luca Heltai and Martin Kronbichler and Matthias Maier and
               Peter Munch and Jean-Paul Pelteret and Reza Rastak and
               Ignacio Thomas and Bruno Turcksin and Zhuoran Wang and David Wells},
  journal   = {Journal of Numerical Mathematics},
  publisher = {De Gruyter},
  year      = {2020},
  volume    = {28},
  number    = {3},
  pages     = {131--146},
  doi       = {10.1515/jnma-2020-0043},
  url       = {https://doi.org/10.1515/jnma-2020-0043}
}

@article{dealII93,
  title   = {The \texttt{deal.II} Library, Version 9.3},
  author  = {Daniel Arndt and Wolfgang Bangerth and Bruno Blais and
             Marc Fehling and Rene Gassm{\"o}ller and Timo Heister
             and Luca Heltai and Uwe K{\"o}cher and Martin
             Kronbichler and Matthias Maier and Peter Munch and
             Jean-Paul Pelteret and Sebastian Proell and Konrad
             Simon and Bruno Turcksin and David Wells and Jiaqi
             Zhang},
  journal = {Journal of Numerical Mathematics},
  year    = {2021},
  url     = {https://dealii.org/deal93-preprint.pdf},
  doi     = {10.1515/jnma-2021-0081},
  volume  = {29},
  number  = {3},
  pages   = {171--186}
}

@article{dealII94,
  title   = {The \texttt{deal.II} Library, Version 9.4},
  author  = {Daniel Arndt and Wolfgang Bangerth and Marco Feder and Marc
             Fehling and Rene Gassm{\"o}ller and Timo Heister and Luca
             Heltai and Martin Kronbichler and Matthias Maier and Peter
             Munch and Jean-Paul Pelteret and Simon Sticko and Bruno
             Turcksin and David Wells},
  journal = {Journal of Numerical Mathematics},
  year    = {2022},
  url     = {https://www.dealii.org/deal94-preprint.pdf},
  doi     = {10.1515/jnma-2022-0054},
  volume  = {30},
  number  = {3},
  pages   = {231--246}
}

@article{dealII95,
  title   = {The \texttt{deal.II} Library, Version 9.5},
  author  = {Daniel Arndt and Wolfgang Bangerth and Maximilian Bergbauer and
             Marco Feder and Marc Fehling and Johannes Heinz and Timo
             Heister and Luca Heltai and Martin Kronbichler and Matthias
             Maier and Peter Munch and Jean-Paul Pelteret and Bruno
             Turcksin and David Wells and Stefano Zampini},
  journal = {Journal of Numerical Mathematics},
  year    = {2023},
  url     = {https://www.dealii.org/deal95-preprint.pdf},
  doi     = {10.1515/jnma-2023-0089},
  volume  = {31},
  number  = {3},
  pages   = {231--246}
}


@article{dealii96,
  url     = {https://doi.org/10.1515/jnma-2024-0137},
  title   = {The {deal.II} library, Version 9.6},
  author  = {Pasquale C. Africa and Daniel Arndt and Wolfgang Bangerth and Bruno Blais and Marc Fehling and Rene Gassm{\"o}ller and Timo Heister and Luca Heltai and Sebastian Kinnewig and Martin Kronbichler and Matthias Maier and Peter Munch and Magdalena Schreter-Fleischhacker and Jan P. Thiele and Bruno Turcksin and David Wells and Vladimir Yushutin},
  pages   = {369--380},
  volume  = {32},
  number  = {4},
  journal = {Journal of Numerical Mathematics},
  doi     = {10.1515/jnma-2024-0137},
  year    = {2024}
}



%% The deal.II web page and online reference.
%% Please cite specific versions only if you really need to

@manual{DealIIReference,
  title  = {{\tt deal.{I}{I}} Differential Equations Analysis Library,
            Technical Reference},
  author = {W. Bangerth and T. Heister and G. Kanschat},
  note   = {\texttt{http://www.dealii.org}},
  url    = {http://www.dealii.org}
}

@manual{DealIIReference600,
  title  = {{\tt deal.{I}{I}} Differential Equations Analysis Library,
            Technical Reference},
  author = {W. Bangerth and G. Kanschat},
  note   = {\texttt{http://www.dealii.org}},
  url    = {http://www.dealii.org/6.0.0},
  year   = 2007
}

@manual{DealIIReference610,
  title  = {{\tt deal.{I}{I}} Differential Equations Analysis Library,
            Technical Reference},
  author = {W. Bangerth and G. Kanschat},
  note   = {\texttt{http://www.dealii.org}},
  url    = {http://www.dealii.org/6.1.0},
  year   = 2008
}

@manual{DealIIReference621,
  title  = {{\tt deal.{I}{I}} Differential Equations Analysis Library,
            Technical Reference},
  author = {W. Bangerth and G. Kanschat},
  note   = {\texttt{http://www.dealii.org}},
  url    = {http://www.dealii.org/6.2.1},
  year   = 2009
}

@manual{DealIIReference631,
  title  = {{\tt deal.{I}{I}} Differential Equations Analysis Library,
            Technical Reference},
  author = {W. Bangerth and G. Kanschat},
  note   = {\texttt{http://www.dealii.org}},
  url    = {http://www.dealii.org/6.3.1},
  year   = 2010
}

@manual{DealIIReference700,
  title  = {{\tt deal.{I}{I}} Differential Equations Analysis Library,
            Technical Reference},
  author = {W. Bangerth and G. Kanschat},
  note   = {\texttt{http://www.dealii.org}},
  url    = {http://www.dealii.org/7.0.0},
  year   = 2011
}

@manual{DealIIReference710,
  title  = {{\tt deal.{I}{I}} Differential Equations Analysis Library,
            Technical Reference},
  author = {W. Bangerth and G. Kanschat},
  note   = {\texttt{http://www.dealii.org}},
  url    = {http://www.dealii.org/7.1.0},
  year   = 2011
}

%% Additional papers on deal.II and special aspects

@techreport{BangerthKanschat1999,
  title       = {Concepts for Object-Oriented Finite Element Software -- the \texttt{deal.II} library},
  address     = {Heidelberg},
  author      = {Bangerth, W. and Kanschat, G.},
  institution = {SFB~359},
  number      = {1999-43},
  type        = {Preprint},
  year        = {1999},
  url         = {http://www.dealii.org/developer/reports/deal-paper.pdf}
}


@article{SartoriGiulianiBardelloni-2018-a,
  author  = {Sartori, Alberto and Giuliani, Nicola and Bardelloni, Mauro and Heltai, Luca},
  journal = {SoftwareX},
  pages   = {318--327},
  title   = {{deal2lkit: A toolkit library for high performance programming in deal.II}},
  volume  = {7},
  year    = {2018}
}


@article{BangerthKayserHerold2007,
  author  = {W. Bangerth and O. Kayser-Herold},
  title   = {Data Structures and Requirements for $hp$ Finite Element
             Software},
  journal = {ACM Transactions on Mathematical Software},
  year    = 2009,
  volume  = 36,
  number  = 1,
  doi     = {10.1145/1486525.1486529},
  pages   = {4/1--31}
}

@article{JanssenKanschat2011,
  author  = {Janssen, B. and Kanschat, G.},
  title   = {Adaptive multilevel methods with local smoothing for
             {${H}^1$}- and {$H^{\text{curl}}$}-conforming high order
             finite element methods},
  journal = {SIAM J. Sci. Comput.},
  year    = 2011,
  volume  = 33,
  number  = 4,
  pages   = {2095--2114},
  doi     = {10.1137/090778523}
}

@article{Kanschat2004,
  title   = {Multi-level methods for discontinuous {G}alerkin {FEM} on locally refined meshes},
  author  = {Kanschat, G.},
  journal = {Comput. \& Struct.},
  number  = {28},
  pages   = {2437--2445},
  volume  = {82},
  year    = {2004},
  doi     = {10.1016/j.compstruc.2004.04.015}
}

@article{BangerthBursteddeHeisterKronbichler11,
  author  = {W. Bangerth and C. Burstedde and T. Heister
             and M. Kronbichler},
  title   = {Algorithms and data structures for massively parallel generic
             adaptive finite element codes},
  journal = {ACM Transactions on Mathematical Software},
  year    = {2012},
  month   = dec,
  volume  = {38},
  number  = {2},
  pages   = {14/1--28}
  doi     = {10.1145/2049673.2049678}
}


@article{KronbichlerKormann2012,
  author  = {M. Kronbichler and K. Kormann},
  title   = {A generic interface for parallel cell-based finite element operator application},
  journal = {Comput. Fluids},
  year    = 2012,
  volume  = 63,
  pages   = {135--147}
}

@article{KronbichlerWall2018,
  author  = {Kronbichler, M. and Wall, W. A.},
  title   = {A performance comparison of continuous and discontinuous {G}alerkin
             methods with fast multigrid solvers},
  journal = {SIAM J. Sci. Comput.},
  pages   = {A3423--A3448},
  volume  = 40,
  number  = 5,
  year    = 2018,
  doi     = {10.1137/16M110455X}
}

@article{KronbichlerKormann2019,
  author  = {M. Kronbichler and K. Kormann},
  title   = {Fast matrix-free evaluation of discontinuous {G}alerkin finite element operators},
  journal = {ACM Transactions on Mathematical Software},
  volume  = 45,
  number  = 3,
  pages   = {29/1--40},
  year    = 2019,
  doi     = {10.1145/3325864}
}

@article{KronbichlerLjungkvist2019,
  author  = {Kronbichler, M. and Ljungkvist, K.},
  title   = {Multigrid for Matrix-Free High-Order Finite Element Computations on Graphics Processors},
  journal = {ACM Transactions on Parallel Compututing},
  volume  = {6},
  number  = {1},
  pages   = {2/1--32},
  year    = 2019
}

@article{Fehn2020,
  doi     = {10.1016/j.jcp.2020.109538},
  year    = {2020},
  volume  = {415},
  pages   = {109538},
  author  = {Niklas Fehn and Peter Munch and Wolfgang A. Wall and Martin Kronbichler},
  title   = {Hybrid multigrid methods for high-order discontinuous {G}alerkin discretizations},
  journal = {Journal of Computational Physics}
}


@inproceedings{Arndt2020sppexa,
  author    = {Daniel Arndt and Niklas Fehn and Guido Kanschat and Katharina Kormann and Martin Kronbichler and Peter Munch and Wolfgang A. Wall and Julius Witte},
  title     = {{ExaDG} -- High-Order Discontinuous {G}alerkin for the Exa-Scale},
  booktitle = {Software for Exascale Computing -- SPPEXA 2016--2019},
  series    = {Lecture Notes in Computational Science and Engineering 136},
  year      = {2020},
  publisher = {Springer International Publishing},
  address   = {Cham},
  editor    = {Bungartz, Hans-Joachim
               and Nagel, Wolfgang E.
               and Reiz, Severin
               and Uekermann, Benjamin
               and Neumann, Philipp},
  doi       = {10.1007/978-3-030-47956-5_8}
}


@techreport{DeSimoneHeltaiManigrasso2009,
  author      = {A. DeSimone and L. Heltai and C. Manigrasso},
  institution = {SISSA},
  number      = {42/2009/M},
  title       = {{Tools for the Solution of PDEs Defined on Curved Manifolds with deal.II}},
  year        = {2009}
}

@techreport{HeltaiMola2015,
  author      = {L. Heltai and A. Mola},
  institution = {SISSA},
  title       = {{Towards the Integration of CAD and FEM using open source libraries: a
                 Collection of deal.II Manifold Wrappers for the OpenCASCADE Library}},
  year        = 2015
}

@article{HeltaiBangerthKronbichlerMola2019,
  doi       = {10.1145/3468428},
  year      = {2021},
  publisher = {Association for Computing Machinery ({ACM})},
  volume    = {47},
  number    = {4},
  pages     = {32/1--30},
  author    = {Luca Heltai and Wolfgang Bangerth and Martin Kronbichler and Andrea Mola},
  title     = {Propagating Geometry Information to Finite Element Computations},
  journal   = {{ACM} Transactions on Mathematical Software}
}

@article{trilinos64,
  author    = {C. Jhurani and
               T. M. Austin and
               M. A. Heroux and
               J. M. Willenbring},
  title     = {Supporting 64-bit global indices in {E}petra and other {T}rilinos
               packages -- {T}echniques used and lessons learned},
  journal   = {arXiv},
  volume    = {1307.6638},
  year      = {2013},
  ee        = {http://arxiv.org/abs/1307.6638},
  bibsource = {DBLP, http://dblp.uni-trier.de}
}


@article{BH13,
  author  = {Wolfgang Bangerth and Timo Heister},
  title   = {What makes computational open source software libraries successful?},
  journal = {Computational Science \& Discovery},
  year    = 2013,
  volume  = 6,
  pages   = {015010/1--18}
}


@article{FHB13,
  author  = {J. Frohne and T. Heister and W. Bangerth},
  title   = {Efficient numerical methods for the large-scale, parallel
             solution of elastoplastic contact problems},
  journal = {submitted},
  year    = 2013
}

@article{TKB16,
  author  = {B. Turcksin and M. Kronbichler and W. Bangerth},
  title   = {\textit{WorkStream} -- a design pattern for multicore-enabled finite element computations},
  journal = {ACM Transactions on Mathematical Software},
  year    = 2016,
  volume  = 43,
  number  = 1,
  pages   = {2/1--29}
}

@misc{cpp11,
  key          = {C++11},
  author       = {{International Standards Organization}},
  title        = {{ISO/IEC} 14882:2011: The {C}++11 Programming Language Standard},
  howpublished = {\url{http://www.iso.org/iso/iso_catalogue/catalogue_tc/catalogue_detail.htm?csnumber=50372}},
  year         = 2011
}

@misc{cpp14,
  key          = {C++14},
  author       = {{International Standards Organization}},
  title        = {{ISO/IEC} 14882:2014: The {C}++14 Programming Language Standard},
  howpublished = {\url{https://www.iso.org/standard/64029.html}},
  year         = 2014
}

@article{mayr2025trilinos,
  title   = {Trilinos: Enabling Scientific Computing Across Diverse Hardware Architectures at Scale},
  author  = {Mayr, Matthias and Heinlein, Alexander and Glusa, Christian and Rajamanickam, Siva and Arnst, Maarten and Bartlett, Roscoe and Berger-Vergiat, Luc and Boman, Erik and Devine, Karen and Harper, Graham and others},
  journal = {arXiv preprint arXiv:2503.08126},
  year    = {2025}
}

See: https://trilinos.github.io/cite.html
@manual{trilinos-web-page,
  title  = {The {T}rilinos {P}roject {W}ebsite},
  author = {{The Trilinos Project Team}},
  note   = {\url{https://trilinos.github.io/}}
}

See: https://petsc.org/release/#citing-petsc
@misc{petsc-web-page,
  author       = {Satish Balay and Shrirang Abhyankar and Mark~F. Adams and Steven Benson and Jed Brown
                  and Peter Brune and Kris Buschelman and Emil~M. Constantinescu and Lisandro Dalcin and Alp Dener
                  and Victor Eijkhout and William~D. Gropp and V\'{a}clav Hapla and Tobin Isaac and Pierre Jolivet
                  and Dmitry Karpeev and Dinesh Kaushik and Matthew~G. Knepley and Fande Kong and Scott Kruger
                  and Dave~A. May and Lois Curfman McInnes and Richard Tran Mills and Lawrence Mitchell and Todd Munson
                  and Jose~E. Roman and Karl Rupp and Patrick Sanan and Jason Sarich and Barry~F. Smith
                  and Stefano Zampini and Hong Zhang and Hong Zhang and Junchao Zhang},
  title        = {{PETS}c {W}eb page},
  url          = {https://petsc.org/},
  howpublished = {\url{https://petsc.org/}},
  year         = {2025}
}

@techreport{petsc-user-ref,
  author      = {Satish Balay and Shrirang Abhyankar and Mark~F. Adams and Steven Benson and Jed Brown
                 and Peter Brune and Kris Buschelman and Emil Constantinescu and Lisandro Dalcin and Alp Dener
                 and Victor Eijkhout and Jacob Faibussowitsch and William~D. Gropp and V\'{a}clav Hapla and Tobin Isaac and Pierre Jolivet
                 and Dmitry Karpeev and Dinesh Kaushik and Matthew~G. Knepley and Fande Kong and Scott Kruger
                 and Dave~A. May and Lois Curfman McInnes and Richard Tran Mills and Lawrence Mitchell and Todd Munson
                 and Jose~E. Roman and Karl Rupp and Patrick Sanan and Jason Sarich and Barry~F. Smith``
                 and Hansol Suh and Stefano Zampini and Hong Zhang and Hong Zhang and Junchao Zhang},
  title       = {{PETSc/TAO} Users Manual},
  institution = {Argonne National Laboratory},
  number      = {ANL-21/39 - Revision 3.23},
  year        = {2025}
}


@article{davis2004umfpack,
  author  = {T. A. Davis},
  title   = {Algorithm 832: {UMFPACK V4.3}---an unsymmetric-pattern multifrontal method},
  journal = {ACM Transactions on Mathematical Software},
  year    = 2004,
  volume  = 30,
  pages   = {196--199}
}

@book{reinders2007tbb,
  author    = {J. Reinders},
  title     = {Intel Threading Building Blocks},
  publisher = {O'Reilly Media},
  year      = 2007
}

See: https://p4est.github.io/cite.html
@article{burstedde2011p4est,
  author  = {C. Burstedde and L. C. Wilcox and O. Ghattas},
  title   = {\texttt{p4est}: {S}calable algorithms for parallel
             adaptive mesh refinement on forests of octrees},
  journal = {SIAM J. Sci. Comput.},
  volume  = 33,
  number  = 3,
  pages   = {1103-1133},
  year    = 2011
}

@article{burstedde2020parallel,
  doi       = {10.1145/3401990},
  title     = {Parallel tree algorithms for {AMR} and non-standard data access},
  author    = {Burstedde, Carsten},
  journal   = {ACM Transactions on Mathematical Software},
  volume    = {46},
  number    = {4},
  pages     = {32/1--31},
  year      = {2020},
  publisher = {ACM New York, NY, USA}
}

@book{lehoucq1998arpack,
  author    = {R. B. Lehoucq and D. C. Sorensen and C. Yang},
  title     = {{ARPACK} users' guide: solution of large-scale eigenvalue problems with implicitly restarted Arnoldi methods},
  publisher = {SIAM, Philadelphia},
  year      = 1998
}

See: §12 License of https://mumps-solver.org/doc/userguide_5.7.2.pdf
@article{amestoy2000,
  author  = {P.R. Amestoy and I.S. Duff and J.-Y. L'Excellent},
  title   = {Multifrontal parallel distributed symmetric and unsymmetric solvers},
  journal = {Comput. Methods in Appl. Mech. Eng.},
  year    = 2000,
  volume  = 184,
  pages   = {501--520}
}


@article{amestoy2001mumps,
  author  = {P. R. Amestoy and I. S. Duff and J.-Y. L'Excellent and J. Koster},
  title   = {A Fully Asynchronous Multifrontal Solver Using Distributed Dynamic Scheduling},
  journal = {SIAM Journal on Matrix Analysis and Applications},
  volume  = {23},
  number  = {1},
  year    = {2001},
  pages   = {15--41},
  doi     = {10.1137/s0895479899358194},
  url     = {https://epubs.siam.org/doi/10.1137/S0895479899358194}
}


@article{amestoy2006,
  author  = {P. R. Amestoy and A. Guermouche and J.-Y. L'Excellent and S. Pralet},
  title   = {Hybrid scheduling for the parallel solution of linear systems},
  journal = {Parallel Computing},
  volume  = {32},
  number  = {2},
  year    = {2006},
  pages   = {136-156}
}

@article{amestoy2019mumps,
  title     = {Performance and Scalability of the Block Low-Rank Multifrontal
               Factorization on Multicore Architectures},
  author    = {P. R. Amestoy and A. Buttari and J.-Y. L'Excellent and T. Mary},
  journal   = {ACM Transactions on Mathematical Software},
  volume    = {45},
  issue     = {1},
  pages     = {2/1--26},
  year      = {2019},
  publisher = {Association for Computing Machinery},
  number    = {1},
  issn      = {0098-3500},
  doi       = {10.1145/3242094},
  url       = {https://dl.acm.org/doi/10.1145/3242094},
  articleno = {2}
}

See: https://ginkgo-project.github.io/ginkgo/doc/develop/citing_ginkgo.html
@article{anzt2022ginkgo,
  doi       = {10.1145/3480935},
  url       = {https://doi.org/10.1145/3480935},
  year      = {2022},
  publisher = {Association for Computing Machinery ({ACM})},
  volume    = {48},
  number    = {1},
  pages     = {2/1--33},
  author    = {Hartwig Anzt and Terry Cojean and Goran Flegar and Fritz G\"{o}bel and Thomas Gr\"{u}tzmacher and Pratik Nayak and Tobias Ribizel and Yuhsiang Mike Tsai and Enrique S. Quintana-Ort{\'{\i}}},
  title     = {Ginkgo: A Modern Linear Operator Algebra Framework for High Performance Computing},
  journal   = {{ACM} Transactions on Mathematical Software}
}

@article{anzt2020ginkgo,
  doi       = {10.21105/joss.02260},
  url       = {https://doi.org/10.21105/joss.02260},
  year      = {2020},
  publisher = {The Open Journal},
  volume    = {5},
  number    = {52},
  pages     = {2260},
  author    = {Hartwig Anzt and Terry Cojean and Yen-Chen Chen and Goran Flegar and Fritz G\"{o}bel and Thomas Gr\"{u}tzmacher and Pratik Nayak and Tobias Ribizel and Yu-Hsiang Tsai},
  title     = {Ginkgo: A high performance numerical linear algebra library},
  journal   = {Journal of Open Source Software}
}

@misc{opencascade-web-page,
  key   = {OpenCASCADE},
  title = {{OpenCASCADE: Open CASCADE Technology, 3D modeling \& numerical simulation}},
  note  = {\url{http://www.opencascade.org/}}
}

@misc{magic-enum-web-page,
  key   = {magic_enum},
  title = {{Magic Enum C++}},
  note  = {\url{https://github.com/Neargye/magic_enum}}
}

@misc{muparser-web-page,
  key   = {muparser},
  title = {{muparser: Fast Math Parser Library}},
  note  = {\url{https://beltoforion.de/en/muparser}}
}

@misc{symengine-web-page,
  key   = {symengine},
  title = {{SymEngine: fast symbolic manipulation library, written in C++}},
  note  = {\url{https://symengine.org/}}
}

@misc{boost-web-page,
  key   = {Boost},
  title = {{Boost C++ Libraries}},
  note  = {\url{http://www.boost.org/}}
}

See: http://portal.hdfgroup.org/display/knowledge/How+do+I+properly+cite+HDF5+in+a+paper
@misc{hdf5-web-page,
  author = {{The HDF Group}},
  title  = {{Hierarchical Data Format, version 5}},
  year   = {2025},
  note   = {\url{http://www.hdfgroup.org/HDF5/}}
}

@misc{vtk-web-page,
  key   = {vtk},
  title = {{VTK}},
  note  = {\url{https://vtk.org}}
}

@misc{zlib-web-page,
  key   = {zlib},
  title = {{zlib}},
  note  = {\url{https://zlib.net}}
}

@article{karypis1998metis,
  title     = {A fast and high quality multilevel scheme for partitioning irregular graphs},
  author    = {Karypis, G. and Kumar, V.},
  journal   = {SIAM J. Sci. Comput.},
  volume    = {20},
  number    = {1},
  pages     = {359--392},
  year      = {1998},
  publisher = {SIAM}
}

@article{rew1990netcdf,
  title     = {{NetCDF}: an interface for scientific data access},
  author    = {Rew, R. and Davis, G.},
  journal   = {Computer Graphics and Applications, IEEE},
  volume    = {10},
  number    = {4},
  pages     = {76--82},
  year      = {1990},
  publisher = {IEEE}
}

@article{hernandez2005slepc,
  author  = {V. Hernandez and J. E. Roman and V. Vidal},
  title   = {{SLEPc}: A Scalable and Flexible Toolkit for the Solution of Eigenvalue
             Problems},
  journal = {{ACM} Transactions on Mathematical Software},
  volume  = {31},
  number  = {3},
  pages   = {351--362},
  year    = {2005}
}

@article{roman2023improvements,
  title     = {Improvements to SLEPc in releases 3.14--3.18},
  author    = {Roman, Jose E and Alvarruiz, Fernando and Campos, Carmen and Dalcin, Lisandro and Jolivet, Pierre and Lamas Davi{\~n}a, Alejandro},
  journal   = {ACM Transactions on Mathematical Software},
  volume    = {49},
  number    = {3},
  pages     = {1--11},
  year      = {2023},
  publisher = {ACM New York, NY}
}


@article{Lachat1976,
  author  = {Lachat, J. C. and Watson, J. O.},
  doi     = {10.1002/nme.1620100503},
  issn    = {0029-5981},
  journal = {International Journal for Numerical Methods in Engineering},
  number  = {5},
  pages   = {991--1005},
  title   = {{Effective numerical treatment of boundary integral equations: A formulation for three-dimensional elastostatics}},
  url     = {http://doi.wiley.com/10.1002/nme.1620100503},
  volume  = {10},
  year    = {1976}
}

@article{Telles-2005-a,
  author          = {Telles, JCF},
  journal         = {International Journal for Numerical Methods in Engineering},
  mendeley-groups = {FEM},
  mendeley-tags   = {filedpapers},
  number          = {5},
  publisher       = {Wiley Online Library},
  title           = {{A self-adaptive co-ordinate transformation for efficient numerical evaluation of general boundary element integrals}},
  type            = {Journal article},
  volume          = {24},
  year            = {2005}
}

@article{GiulianiMolaHeltai-2015-a,
  author   = {Giuliani, Nicola and Mola, Andrea and Heltai, Luca and Formaggia, Luca},
  doi      = {10.1016/j.enganabound.2015.04.006},
  file     = {:Users/heltai/Library/Mobile Documents/com\~{}apple\~{}CloudDocs/Mendeley//Giuliani et al.\_2015\_FEM SUPG stabilisation of mixed isoparametric BEMs application to linearised free surface flows.pdf:pdf},
  journal  = {Engineering Analysis with Boundary Elements},
  keywords = {linearised free surface},
  pages    = {8--22},
  title    = {{FEM SUPG stabilisation of mixed isoparametric BEMs: application to linearised free surface flows}},
  volume   = {59},
  year     = {2015}
}

@book{Cottrell2009,
  author          = {Cottrell, JA A and Hughes, TJR J R and Bazilevs, Y.},
  file            = {:Users/heltai/Library/Mobile Documents/com\~{}apple\~{}CloudDocs/Mendeley/Cottrell, Hughes, Bazilevs\_2009\_Isogeometric analysis toward integration of CAD and FEA.pdf:pdf},
  mendeley-groups = {Igastokes,Books,Geostrophisics,FEM},
  publisher       = {John Wiley \& Sons Inc},
  title           = {{Isogeometric analysis: toward integration of CAD and FEA}},
  url             = {http://books.google.com/books?hl=en\&lr=\&id=9Q9y0Xtz5E4C\&oi=fnd\&pg=PR5\&dq=Isogeometric+analysis:+toward+integration+of+CAD+and+FEA\&ots=JLSZtYQkL3\&sig=MZdoIBEu1cZs2sAwnPDy4WVOaVE},
  year            = {2009}
}

@book{AbramowitzStegun,
  author    = {M. Abramowitz and I.A. Stegun},
  title     = {Handbook of Mathematical Functions},
  publisher = {Dover},
  year      = {1965}
}

@techreport{MadayPatera,
  author      = {Y. Maday and A.T. Patera and E.M. Rønquist},
  title       = {A well-posed optimal spectral element approximation for the {S}tokes problem},
  number      = {87-47},
  institution = {ICASE},
  address     = {Hampton, VA},
  year        = {1987}
}


@article{MaierBardelloniHeltai-2016-a,
  author  = {Matthias Maier and Mauro Bardelloni and Luca Heltai},
  journal = {Computers and Mathematics with Applications},
  title   = {Linear{O}perator -- a generic, high-level expression syntax for linear algebra},
  doi     = {10.1016/j.camwa.2016.04.024},
  number  = {1},
  pages   = {1--24},
  volume  = {72},
  year    = {2016}
}

@misc{MaierBardelloniHeltai-2016-b,
  author = {Matthias Maier and
            Mauro Bardelloni and
            Luca Heltai},
  title  = {{LinearOperator Benchmarks, Version 1.0.0}},
  year   = 2016,
  doi    = {10.5281/zenodo.47202},
  url    = {http://dx.doi.org/10.5281/zenodo.47202}
}

@article{Davydov2016,
  author  = {Denis Davydov and Tymofiy Gerasimov and Jean-Paul Pelteret and Paul Steinmann},
  day     = {12},
  doi     = {10.1186/s40323-017-0093-0},
  issn    = {2213-7467},
  journal = {Advanced Modeling and Simulation in Engineering Sciences},
  month   = {Dec},
  number  = {1},
  pages   = {7},
  title   = {Convergence study of the $h$-adaptive {PUM} and the $hp$-adaptive {FEM} applied to eigenvalue problems in quantum mechanics},
  volume  = {4},
  year    = {2017}
}

See: https://www.gnu.org/software/gsl/#moreinfo
@book{galassi2009gsl,
  author    = {Galassi, M. and Davies, Jim and Theiler, James and Gough, B. and Jungman, G. and Booth, Michael and Rossi, F.},
  title     = {GNU Scientific Library Reference Manual},
  year      = {2009},
  isbn      = {0954612078},
  publisher = {Network Theory Ltd.},
  edition   = {3rd}
}

@misc{gsl-web-page,
  key   = {GSL},
  title = {{GSL: GNU Scientific Library}},
  note  = {\url{http://www.gnu.org/software/gsl}}
}

@misc{nanoflann,
  author       = {Blanco, Jose Luis and Rai, Prankal Kumar},
  title        = {nanoflann: a {C}++ header-only fork of {FLANN}, a library for
                  {N}earest {N}eighbor ({NN}) with {KD}-trees},
  howpublished = {\url{https://github.com/jlblancoc/nanoflann}},
  year         = {2014}
}

@inproceedings{adol-c,
  author    = {A. Walther and A. Griewank},
  title     = {Getting started with {ADOL}-{C}},
  booktitle = {Combinatorial Scientific Computing},
  publisher = {U. Naumann and O.Schenk},
  series    = {Chapman-Hall CRC Computational Science},
  pages     = {181-202},
  year      = {2012}
}

@article{griewank1996adolc,
  author    = {Griewank, Andreas and Juedes, David and Utke, Jean},
  title     = {Algorithm 755: {ADOL-C}: a package for the automatic differentiation of algorithms written in {C/C++}},
  journal   = {ACM Transactions on Mathematical Software},
  year      = {1996},
  volume    = {22},
  number    = {2},
  pages     = {131--167},
  doi       = {10.1145/229473.229474},
  publisher = {ACM}
}

@article{hindmarsh2005sundials,
  title     = {{SUNDIALS}: Suite of nonlinear and differential/algebraic equation solvers},
  author    = {Hindmarsh, Alan C and Brown, Peter N and Grant, Keith E and Lee, Steven L and Serban, Radu and Shumaker, Dan E and Woodward, Carol S},
  journal   = {ACM Transactions on Mathematical Software},
  volume    = {31},
  number    = {3},
  pages     = {363--396},
  year      = {2005},
  publisher = {ACM}
}

@article{gardner2022enabling,
  title     = {Enabling new flexibility in the SUNDIALS suite of nonlinear and differential/algebraic equation solvers},
  author    = {Gardner, David J and Reynolds, Daniel R and Woodward, Carol S and Balos, Cody J},
  journal   = {ACM Transactions on Mathematical Software (TOMS)},
  volume    = {48},
  number    = {3},
  pages     = {1--24},
  year      = {2022},
  publisher = {ACM New York, NY}
}

@misc{schulze2021assimp,
  title        = {Open asset import library (assimp)},
  author       = {Schulze, Thomas and Gessler, Alexander and Kulling, Kim and Nadlinger, David and Klein, Jonathan and Sibly, Mark and Gubisch, Matthias},
  howpublished = {\url{https://github.com/assimp/assimp}},
  year         = {2021}
}

@misc{clang-tidy,
  title        = {{Clang-Tidy}},
  author       = {LLVM},
  howpublished = {\url{http://clang.llvm.org/extra/clang-tidy/}}
}

@misc{coverity,
  title        = {{C}overity {S}can ({Synopsys, Inc.})},
  key          = {Coverity},
  howpublished = {\url{https://scan.coverity.com}}
}

@techreport{GHPB16,
  author      = {R. Gassm{\"o}ller and E. Heien and E. G. Puckett and W. Bangerth},
  title       = {Flexible and scalable particle-in-cell methods for massively parallel computations},
  institution = {arXiv:1612.03369},
  year        = 2016
}


@article{KHB12,
  author  = {M. Kronbichler and T. Heister and W. Bangerth},
  title   = {High Accuracy Mantle Convection Simulation through Modern Numerical Methods},
  journal = {Geophysics Journal International},
  year    = 2012,
  volume  = 191,
  pages   = {12--29}
}

@article{HDGB17,
  author  = {T. Heister and J. Dannberg and R. Gassm{\"o}ller and W. Bangerth},
  title   = {High Accuracy Mantle Convection Simulation through Modern Numerical Methods. {II}: Realistic Models and Problems},
  journal = {Geophysics Journal International},
  year    = 2017,
  volume  = 210,
  pages   = {833--851}
}

@techreport{ridzal2014rol,
  title       = {Rapid Optimization Library},
  author      = {Ridzal, Denis and Kouri, Drew Philip},
  year        = {2014},
  institution = {Sandia National Laboratories (SNL-NM), Albuquerque, NM (United States)}
}

@conference{ROL2022ICCOPT,
  author = {Javeed, Aurya and Kouri, Drew Philip and Ridzal, Denis and Von Winckel, Greg},
  title = {Get {ROL}-ing: An Introduction to {Sandia}'s Rapid Optimization Library},
  booktitle = {7th International Conference on Continuous Optimization},
  year = {2022},
  doi = {10.2172/2004204},
  url = {https://www.osti.gov/servlets/purl/2004204/}
}

@book{blackford1997scalapack,
  author    = {Blackford, L. S. and Choi, J. and Cleary, A. and
               D'Azevedo, E. and Demmel, J. and Dhillon, I. and
               Dongarra, J. and Hammarling, S. and Henry, G. and
               Petitet, A. and Stanley, K. and Walker, D. and
               Whaley, R. C.},
  title     = {{ScaLAPACK} Users' Guide},
  publisher = {Society for Industrial and Applied Mathematics},
  year      = {1997},
  address   = {Philadelphia, PA},
  isbn      = {0-89871-397-8 (paperback)}
}

@article{GiulianiMolaHeltai-2018-a,
  author  = {Giuliani, Nicola and Mola, Andrea and Heltai, Luca},
  journal = {Advances in Engineering Software},
  month   = jul,
  pages   = {39--58},
  title   = {{$\pi$-BEM: A flexible parallel implementation for adaptive, geometry aware, and high order boundary element methods}},
  volume  = {121},
  year    = {2018},
  doi     = {10.1016/j.advengsoft.2018.03.008}
}

See: https://gmsh.info/
@article{geuzaine2009gmsh,
  title     = {Gmsh: A {3-D} finite element mesh generator with built-in pre-and post-processing facilities},
  author    = {Geuzaine, Christophe and Remacle, Jean-Fran{\c{c}}ois},
  journal   = {International journal for numerical methods in engineering},
  volume    = {79},
  number    = {11},
  pages     = {1309--1331},
  year      = {2009},
  publisher = {Wiley Online Library}
}

@article{ClevengerHeisterKanschatKronbichler2019,
  doi     = {10.1145/3425193},
  year    = {2021},
  month   = dec,
  volume  = {47},
  number  = {1},
  pages   = {7/1--27},
  author  = {Thomas C. Clevenger and Timo Heister and Guido Kanschat and Martin Kronbichler},
  title   = {A Flexible,  Parallel,  Adaptive Geometric Multigrid Method for {FEM}},
  journal = {{ACM} Transactions on Mathematical Software}
}


@book{anderson1999lapack,
  author    = {Anderson, E. and Bai, Z. and Bischof, C. and
               Blackford, S. and Demmel, J. and Dongarra, J. and
               Du Croz, J. and Greenbaum, A. and Hammarling, S. and
               McKenney, A. and Sorensen, D.},
  title     = {{LAPACK} Users' Guide},
  edition   = {Third},
  publisher = {Society for Industrial and Applied Mathematics},
  year      = {1999},
  address   = {Philadelphia, PA},
  isbn      = {0-89871-447-8 (paperback)}
}

@misc{Pelteret2016a,
  author = {Pelteret, J-P. V. and McBride, A.},
  title  = {The \texttt{deal.II} code gallery: Quasi-Static Finite-Strain Compressible Elasticity},
  year   = {2016},
  url    = {https://dealii.org/developer/doxygen/deal.II/code_gallery_Quasi_static_Finite_strain_Compressible_Elasticity.html},
  note   = {Accessed April 2018. doi: \href{http://dx.doi.org/10.5281/zenodo.1228964}{\texttt{10.5281/zenodo.1228964}}},
  doi    = {10.5281/zenodo.1228964}
}

@incollection{Bartlett2006a,
  author       = {Bartlett, R. A. and Gay, D. M. and Phipps, E. T.},
  title        = {Automatic Differentiation of C++ Codes for Large-Scale Scientific Computing},
  booktitle    = {International Conference on Computational Science {\textendash} {ICCS} 2006},
  publisher    = {Springer Berlin Heidelberg},
  year         = {2006},
  editor       = {Alexandrov, V.N. and van Albada, G.D. and Sloot, P.M.A. and Dongarra, J.},
  pages        = {525--532},
  doi          = {10.1007/11758549_73},
  organization = {Springer}
}

@misc{cusolver-web-page,
  key   = {cusolver},
  title = {cu{SOLVER} {L}ibrary},
  note  = {\url{https://docs.nvidia.com/cuda/cusolver/index.html}}
}

@misc{cusparse-web-page,
  key   = {cusparse},
  title = {cu{SPARSE} {L}ibrary},
  note  = {\url{https://docs.nvidia.com/cuda/cusparse/index.html}}
}


@article{BR85,
  doi       = {10.1090/s0025-5718-1985-0771031-7},
  url       = {https://doi.org/10.1090/s0025-5718-1985-0771031-7},
  year      = {1985},
  publisher = {American Mathematical Society ({AMS})},
  volume    = {44},
  number    = {169},
  pages     = {71--79},
  author    = {Christine Bernardi and Genevi$\lbrace${\`{e}}ve Raugel},
  title     = {Analysis of some finite elements for the {S}tokes problem},
  journal   = {Mathematics of Computation}
}

@phdthesis{Zag06,
  author = {S. Zaglmayr},
  title  = {High Order Finite Element Methods for Electromagnetic Field Computation},
  school = {Johannes Kepler University, Linz, Austria},
  year   = 2006
}


@article{Kynch2017,
  doi       = {10.1016/j.compstruc.2016.05.021},
  url       = {https://doi.org/10.1016/j.compstruc.2016.05.021},
  year      = {2017},
  publisher = {Elsevier {BV}},
  volume    = {181},
  pages     = {41--54},
  author    = {R. M. Kynch and P. D. Ledger},
  title     = {Resolving the sign conflict problem for hp{\textendash}hexahedral {N}{\'{e}}d{\'{e}}lec elements with application to eddy current problems},
  journal   = {Computers {\&} Structures}
}

@inproceedings{ljungkvist2017,
  author    = {Ljungkvist, Karl},
  title     = {Matrix-free Finite-element Computations on Graphics Processors with Adaptively Refined Unstructured Meshes},
  booktitle = {Proceedings of the 25th High Performance Computing Symposium},
  series    = {HPC '17},
  year      = {2017},
  isbn      = {978-1-5108-3822-2},
  location  = {Virginia Beach, Virginia},
  pages     = {1/1--12},
  articleno = {1},
  numpages  = {12},
  url       = {http://dl.acm.org/citation.cfm?id=3108096.3108097},
  acmid     = {3108097},
  publisher = {Society for Computer Simulation International},
  address   = {San Diego, CA, USA},
  keywords  = {GPU, adaptive refinement, finite element methods, hanging nodes, matrix free}
}

@techreport{munch2020hyperdeal,
  title       = {hyper.deal: An efficient, matrix-free finite-element library for high-dimensional partial differential equations},
  author      = {Peter Munch and Katharina Kormann and Martin Kronbichler},
  year        = {2021},
  institution = {arXiv:2002.08110, accepted for publication in the ACM Transactions on Mathematical Software}
}

@article{Gordon82,
  author  = {Gordon, William J. and Thiel, Linda C.},
  title   = {Transfinite mappings and their application to grid generation},
  journal = {Appl. Math. Comput.},
  volume  = 10,
  pages   = {171--233},
  year    = 1982,
  doi     = {10.1016/0096-3003(82)90191-6}
}

@article{BabuskaSuri1990,
  title   = {The p- and h-p versions of the finite element method, an overview},
  author  = {Babuška, I. and Suri, M.},
  year    = {1990},
  journal = {Computer Methods in Applied Mechanics and Engineering},
  volume  = {80},
  pages   = {5--26},
  issn    = {0045-7825},
  doi     = {10.1016/0045-7825(90)90011-A},
  number  = {1}
}

@article{Mavriplis1994,
  title   = {Adaptive mesh strategies for the spectral element method},
  author  = {Mavriplis, C.},
  year    = {1994},
  journal = {Computer Methods in Applied Mechanics and Engineering},
  volume  = {116},
  pages   = {77--86},
  issn    = {0045-7825},
  doi     = {10.1016/S0045-7825(94)80010-3},
  number  = {1}
}

@article{MelenkWohlmuth2001,
  title   = {On residual-based a posteriori error estimation in \textit{hp}-{{FEM}}},
  author  = {Melenk, J. M. and Wohlmuth, B. I.},
  year    = {2001},
  journal = {Advances in Computational Mathematics},
  volume  = {15},
  pages   = {311--331},
  issn    = {1019-7168, 1572-9044},
  doi     = {10.1023/A:1014268310921},
  number  = {1-4}
}

@inproceedings{HoustonSeniorSueli2003,
  title     = {Sobolev regularity estimation for hp-adaptive finite element methods},
  booktitle = {Numerical {{Mathematics}} and {{Advanced Applications}}},
  author    = {Houston, P. and Senior, B. and Süli, E.},
  editor    = {Brezzi, Franco and Buffa, Annalisa and Corsaro, Stefania and Murli, Almerico},
  year      = {2003},
  pages     = {631--656},
  publisher = {{Springer Milan}},
  location  = {{Milano}},
  doi       = {10.1007/978-88-470-2089-4_58},
  isbn      = {978-88-470-2089-4}
}

@article{HoustonSueli2005,
  title   = {A note on the design of \textit{hp}-adaptive finite element methods for elliptic partial differential equations},
  author  = {Houston, P. and Süli, E.},
  year    = {2005},
  journal = {Computer Methods in Applied Mechanics and Engineering},
  volume  = {194},
  pages   = {229--243},
  issn    = {0045-7825},
  doi     = {10.1016/j.cma.2004.04.009},
  number  = {2}
}

@article{EibnerMelenk2007,
  title   = {An adaptive strategy for \textit{hp}-{{FEM}} based on testing for analyticity},
  author  = {Eibner, T. and Melenk, J. M.},
  year    = {2007},
  journal = {Computational Mechanics},
  volume  = {39},
  pages   = {575--595},
  issn    = {1432-0924},
  doi     = {10.1007/s00466-006-0107-0},
  number  = {5}
}



@article{GLHPB18,
  doi       = {10.1029/2018gc007508},
  url       = {https://doi.org/10.1029/2018gc007508},
  year      = {2018},
  publisher = {American Geophysical Union ({AGU})},
  volume    = {19},
  number    = {9},
  pages     = {3596--3604},
  author    = {Rene Gassm\"{o}ller and Harsha Lokavarapu and Eric Heien and Elbridge Gerry Puckett and Wolfgang Bangerth},
  title     = {Flexible and Scalable Particle-in-Cell Methods With Adaptive Mesh Refinement for Geodynamic Computations},
  journal   = {Geochemistry,  Geophysics,  Geosystems}
}

@article{Brenner2005,
  doi       = {10.1007/s10915-004-4135-7},
  url       = {https://doi.org/10.1007/s10915-004-4135-7},
  year      = {2005},
  publisher = {Springer Science and Business Media {LLC}},
  volume    = {22-23},
  number    = {1-3},
  pages     = {83--118},
  author    = {Susanne C. Brenner and Li-Yeng Sung},
  title     = {$C^0$ Interior Penalty Methods for Fourth Order Elliptic Boundary Value Problems on Polygonal Domains},
  journal   = {Journal of Scientific Computing}
}

@article{clevenger_stokes19,
  title   = {Comparison between Algebraic and Matrix-free Geometric Multigrid for a {S}tokes Problem},
  author  = {Thomas C. Clevenger and Timo Heister},
  journal = {submitted},
  year    = {2019},
  url     = {https://arxiv.org/abs/1907.06696}
}

@article{logg2012,
  author  = {Logg, Anders},
  year    = {2009},
  number  = {4},
  title   = {Efficient Representation of Computational Meshes},
  volume  = {4},
  pages   = {283--295},
  journal = {Int. J. Computational Science and Engineering Int. J. Computational Science and Engineering},
  doi     = {10.1504/IJCSE.2009.029164}
}

@article{becker2000multigrid,
  title     = {Multigrid techniques for finite elements on locally refined meshes},
  author    = {Becker, Roland and Braack, Malte},
  journal   = {Numerical linear algebra with applications},
  volume    = {7},
  number    = {6},
  pages     = {363--379},
  year      = {2000},
  publisher = {Wiley Online Library}
}

@inproceedings{sundar2012parallel,
  title        = {Parallel geometric-algebraic multigrid on unstructured forests of octrees},
  author       = {Sundar, Hari and Biros, George and Burstedde, Carsten and Rudi, Johann and Ghattas, Omar and Stadler, Georg},
  booktitle    = {SC'12: Proceedings of the International Conference on High Performance Computing, Networking, Storage and Analysis},
  pages        = {1--11},
  year         = {2012},
  organization = {IEEE}
}

@article{witherden2015identification,
  title     = {On the identification of symmetric quadrature rules for finite element methods},
  author    = {Witherden, Freddie D and Vincent, Peter E},
  journal   = {Computers \& Mathematics with Applications},
  volume    = {69},
  number    = {10},
  pages     = {1232--1241},
  year      = {2015},
  publisher = {Elsevier}
}

@misc{schloemer21,
  author = {Nico Schl\"omer},
  title  = {quadpy: Your one-stop shop for numerical integration in python},
  note   = {\url{https://github.com/nschloe/quadpy/}},
  url    = {https://github.com/nschloe/quadpy/},
  year   = {2021}
}

@misc{prokopenko2025,
  author = {Prokopenko, Andrey and Lebrun-Grandié, Damien and Arndt, Daniel and Turcksin, Bruno},
  title  = {ArborX 2.0},
  doi    = {10.11578/ArborX/dc.20250416.4},
  url    = {https://www.osti.gov/biblio/code-154205},
  place  = {United States},
  year   = {2025},
  month  = {04}
}


@article{bungartz2016precice,
  title     = {preCICE--a fully parallel library for multi-physics surface coupling},
  author    = {Bungartz, Hans-Joachim and Lindner, Florian and Gatzhammer, Bernhard and Mehl, Miriam and Scheufele, Klaudius and Shukaev, Alexander and Uekermann, Benjamin},
  journal   = {Computers \& Fluids},
  volume    = {141},
  pages     = {250--258},
  year      = {2016},
  publisher = {Elsevier}
}

@article{lindner2020exafsa,
  title     = {ExaFSA: Parallel Fluid-Structure-Acoustic Simulation},
  author    = {Lindner, Florian and Totounferoush, Amin and Mehl, Miriam and Uekermann, Benjamin and Pour, Neda Ebrahimi and Krupp, Verena and Roller, Sabine and Reimann, Thorsten and Sternel, D{\"o}rte C and Egawa, Ryusuke and others},
  journal   = {Software for Exascale Computing-SPPEXA 2016-2019},
  volume    = {136},
  pages     = {271},
  year      = {2020},
  publisher = {Springer Nature}
}

@article{golshan2022lethe,
  title     = {Lethe-DEM: An open-source parallel discrete element solver with load balancing},
  author    = {Golshan, Shahab and Munch, Peter and Gassm{\"o}ller, Rene and Kronbichler, Martin and Blais, Bruno},
  journal   = {Computational Particle Mechanics},
  pages     = {1--20},
  year      = {2022},
  publisher = {Springer}
}

@article{mirzadeh2016parallel,
  title     = {Parallel level-set methods on adaptive tree-based grids},
  author    = {Mirzadeh, Mohammad and Guittet, Arthur and Burstedde, Carsten and Gibou, Frederic},
  journal   = {Journal of Computational Physics},
  volume    = {322},
  pages     = {345--364},
  year      = {2016},
  publisher = {Elsevier}
}

@article{hoefler2010scalable,
  title     = {Scalable communication protocols for dynamic sparse data exchange},
  author    = {Hoefler, Torsten and Siebert, Christian and Lumsdaine, Andrew},
  journal   = {ACM Sigplan Notices},
  volume    = {45},
  number    = {5},
  pages     = {159--168},
  year      = {2010},
  publisher = {ACM New York, NY, USA}
}

@article{ibanez2016pumi,
  title     = {PUMI: Parallel unstructured mesh infrastructure},
  author    = {Ibanez, Daniel A and Seol, E Seegyoung and Smith, Cameron W and Shephard, Mark S},
  journal   = {ACM Transactions on Mathematical Software},
  volume    = {42},
  number    = {3},
  pages     = {17/1--28},
  year      = {2016},
  publisher = {ACM New York, NY, USA}
}

@article{munch2022gc,
  title   = {Efficient Distributed Matrix-free Multigrid Methods on Locally Refined Meshes for {FEM} Computations},
  volume  = {10},
  doi     = {10.1145/3580314},
  number  = {1},
  journal = {ACM Transactions on Parallel Computing},
  author  = {Munch,  Peter and Heister,  Timo and Prieto Saavedra,  Laura and Kronbichler,  Martin},
  year    = {2023},
  pages   = {3/1--38}
}

@incollection{munch2022hn,
  title     = {Efficient application of hanging-node constraints for matrix-free high-order FEM computations on {CPU} and {GPU}},
  author    = {Munch, Peter and Ljungkvist, Karl and Kronbichler, Martin},
  booktitle = {ISC High Performance 2022},
  editor    = {A.-L. Varbanescu and A. Bhatele and P. Luszczek and B. Marc},
  series    = {LNCS},
  volume    = 13289,
  pages     = {133--152},
  year      = {2022},
  publisher = {Springer International Publishing},
  doi       = {10.1007/978-3-031-07312-0_7}
}

@inproceedings{ljungkvist2017matrix,
  title     = {Matrix-free finite-element computations on graphics processors with adaptively refined unstructured meshes.},
  author    = {Ljungkvist, Karl},
  booktitle = {SpringSim (HPC)},
  pages     = {1--1},
  year      = {2017}
}

@article{saye2015,
  title    = {High-{Order} {Quadrature} {Methods} for {Implicitly} {Defined} {Surfaces} and {Volumes} in {Hyperrectangles}},
  volume   = {37},
  issn     = {1064-8275, 1095-7197},
  url      = {http://epubs.siam.org/doi/10.1137/140966290},
  doi      = {10.1137/140966290},
  language = {en},
  number   = {2},
  urldate  = {2016-01-27},
  journal  = {SIAM Journal on Scientific Computing},
  author   = {Saye, R. I.},
  year     = {2015},
  pages    = {A993--A1019}
}

@article{burman_cutfem_2015,
  title      = {{{CutFEM}}: {{Discretizing}} Geometry and Partial Differential Equations},
  shorttitle = {{{CutFEM}}},
  author     = {Burman, Erik and Claus, Susanne and Hansbo, Peter and Larson, Mats G. and Massing, Andr{\'e}},
  year       = {2015},
  journal    = {International Journal for Numerical Methods in Engineering},
  volume     = {104},
  number     = {7},
  pages      = {472--501},
  issn       = {00295981},
  doi        = {10.1002/nme.4823},
  langid     = {english}
}

@article{kronbichler2022cg,
  title   = {Enhancing data locality of the conjugate gradient method for
             high-order matrix-free finite-element implementations},
  author  = {Martin Kronbichler and Dmytro Sashko and Peter Munch},
  journal = {The International Journal of High Performance Computing Applications},
  year    = {2022},
  volume  = {in press}
}

@inproceedings{kronbichler2021next,
  title     = {A next-generation discontinuous {G}alerkin fluid dynamics solver with application to high-resolution lung airflow simulations},
  author    = {Kronbichler, Martin and Fehn, Niklas and Munch, Peter and Bergbauer, Maximilian and Wichmann, Karl-Robert and Geitner, Carolin and Allalen, Momme and Schulz, Martin and Wall, Wolfgang A},
  booktitle = {Proceedings of the International Conference for High Performance Computing, Networking, Storage and Analysis, SC'21},
  pages     = {1--15},
  address   = {St. Louis, MO, USA},
  year      = {2021},
  publisher = {Association for Computing Machinery ({ACM})},
  doi       = {10.1145/3458817.3476171}
}

See: https://doc.cgal.org/latest/Manual/how_to_cite_cgal.html
@book{cgal:eb-24b,
  title     = {{CGAL} User and Reference Manual},
  author    = {{The CGAL Project}},
  publisher = {{CGAL Editorial Board}},
  edition   = {{6.0.1}},
  year      = 2024,
  url       = {https://doc.cgal.org/6.0.1/Manual/packages.html}
}

@article{fehlingbangerth2023,
  title     = {Algorithms for Parallel Generic $hp$-Adaptive Finite Element Software},
  volume    = {49},
  issn      = {1557-7295},
  url       = {https://dl.acm.org/doi/10.1145/3603372},
  doi       = {10.1145/3603372},
  number    = {3},
  journal   = {ACM Transactions on Mathematical Software},
  publisher = {Association for Computing Machinery (ACM)},
  author    = {Fehling, Marc and Bangerth, Wolfgang},
  year      = {2023},
  pages     = {25/1--26}
}

@article{orlando2021efficient,
  title     = {An efficient and accurate implicit DG solver for the incompressible Navier-Stokes equations},
  author    = {Orlando, Giuseppe and Della Rocca, Alessandro and Barbante, Paolo Francesco and Bonaventura, Luca and Parolini, Nicola},
  journal   = {International Journal for Numerical Methods in Fluids},
  year      = {2021},
  publisher = {Wiley Online Library}
}

@inproceedings{hammond2014int_max,
  title        = {To INT\_MAX... and beyond! Exploring large-count support in MPI},
  author       = {Hammond, Jeff R and Sch{\"a}fer, Andreas and Latham, Rob},
  booktitle    = {2014 Workshop on Exascale MPI at Supercomputing Conference},
  pages        = {1--8},
  year         = {2014},
  organization = {IEEE}
}

@article{massing2013efficient,
  title     = {Efficient implementation of finite element methods on nonmatching and overlapping meshes in three dimensions},
  author    = {Massing, Andr{\'e} and Larson, Mats G and Logg, Anders},
  journal   = {SIAM Journal on Scientific Computing},
  volume    = {35},
  number    = {1},
  pages     = {C23--C47},
  year      = {2013},
  publisher = {SIAM}
}

@article{heinz2023high,
  title     = {High-order non-conforming discontinuous {G}alerkin methods for the acoustic conservation equations},
  author    = {Heinz, Johannes and Munch, Peter and Kaltenbacher, Manfred},
  journal   = {International Journal for Numerical Methods in Engineering},
  volume    = {124},
  number    = {9},
  pages     = {2034--2049},
  year      = {2023},
  publisher = {Wiley Online Library}
}

@article{adams2002evaluation,
  title     = {Evaluation of three unstructured multigrid methods on 3D finite element problems in solid mechanics},
  author    = {Adams, Mark},
  journal   = {International Journal for Numerical Methods in Engineering},
  volume    = {55},
  number    = {5},
  pages     = {519--534},
  year      = {2002},
  publisher = {Wiley Online Library}
}

@article{bittencourt2001nonnested,
  title     = {Nonnested multigrid methods for linear problems},
  author    = {Bittencourt, Marco L. and Douglas, Craig C. and Feij{\'o}o, Ra{\'u}l A.},
  journal   = {Numerical Methods for Partial Differential Equations: An International Journal},
  volume    = {17},
  number    = {4},
  pages     = {313--331},
  year      = {2001},
  publisher = {Wiley Online Library}
}

@article{bramble1991analysis,
  title   = {The analysis of multigrid algorithms with nonnested spaces or noninherited quadratic forms},
  author  = {Bramble, James H. and Pasciak, Joseph E. and Xu, Jinchao},
  journal = {Mathematics of Computation},
  volume  = {56},
  number  = {193},
  pages   = {1--34},
  year    = {1991}
}

@article{proell2023highly,
  title   = {A highly efficient computational framework for fast scan-resolved simulations of metal additive manufacturing processes on the scale of real parts},
  author  = {Proell, Sebastian D and Munch, Peter and Kronbichler, Martin and Wall, Wolfgang A and Meier, Christoph},
  journal = {arXiv preprint arXiv:2302.05164},
  year    = {2023}
}

@article{lottes2022optimal,
  title   = {Optimal polynomial smoothers for multigrid {V}-cycles},
  author  = {Lottes, James},
  journal = {arXiv preprint arXiv:2202.08830},
  year    = {2022}
}

@article{phillips2022optimal,
  title   = {Optimal {C}hebyshev Smoothers and One-sided {V}-cycles},
  author  = {Phillips, Malachi and Fischer, Paul},
  journal = {arXiv preprint arXiv:2210.03179},
  year    = {2022}
}

@article{lynch1964direct,
  title     = {Direct solution of partial difference equations by tensor product methods},
  author    = {Lynch, Robert E and Rice, John R and Thomas, Donald H},
  journal   = {Numerische Mathematik},
  volume    = {6},
  number    = {1},
  pages     = {185--199},
  year      = {1964},
  publisher = {Springer}
}

@article{kronbichler2019hermite,
  title   = {A {H}ermite-like basis for faster matrix-free evaluation of interior penalty discontinuous {G}alerkin operators},
  author  = {Kronbichler, Martin and Kormann, Katharina and Fehn, Niklas and Munch, Peter and Witte, Julius},
  journal = {arXiv preprint arXiv:1907.08492},
  year    = {2019}
}

@article{witte2021fast,
  title     = {Fast tensor product {S}chwarz smoothers for high-order discontinuous {G}alerkin methods},
  author    = {Witte, Julius and Arndt, Daniel and Kanschat, Guido},
  journal   = {Computational Methods in Applied Mathematics},
  volume    = {21},
  number    = {3},
  pages     = {709--728},
  year      = {2021},
  publisher = {De Gruyter}
}

@article{phillips2021auto,
  title   = {Auto-Tuned Preconditioners for the Spectral Element Method on GPUs},
  author  = {Phillips, Malachi and Kerkemeier, Stefan and Fischer, Paul},
  journal = {arXiv preprint arXiv:2110.07663},
  year    = {2021}
}

@techreport{couzy1995spectral,
  title       = {Spectral element discretization of the unsteady {N}avier--{S}tokes equations and its iterative solution on parallel computers},
  author      = {Couzy, Wouter},
  year        = {1995},
  institution = {EPFL}
}

@article{trott2022,
  author  = {Trott, Christian R. and Lebrun-Grandié, Damien and Arndt, Daniel and Ciesko, Jan and Dang, Vinh and Ellingwood, Nathan and Gayatri, Rahulkumar and Harvey, Evan and Hollman, Daisy S. and Ibanez, Dan and Liber, Nevin and Madsen, Jonathan and Miles, Jeff and Poliakoff, David and Powell, Amy and Rajamanickam, Sivasankaran and Simberg, Mikael and Sunderland, Dan and Turcksin, Bruno and Wilke, Jeremiah},
  journal = {IEEE Transactions on Parallel and Distributed Systems},
  title   = {Kokkos 3: Programming Model Extensions for the Exascale Era},
  year    = {2022},
  volume  = {33},
  number  = {4},
  pages   = {805-817},
  doi     = {10.1109/TPDS.2021.3097283}
}

@article{kronbichler2016comparison,
  doi     = {10.1002/nme.5137},
  year    = {2016},
  volume  = {106},
  number  = {9},
  pages   = {712--739},
  author  = {Martin Kronbichler and Svenja Schoeder and Christopher M\"{u}ller and Wolfgang A. Wall},
  title   = {Comparison of implicit and explicit hybridizable discontinuous {G}alerkin methods for the acoustic wave equation},
  journal = {Int. J. Numer. Meth. Eng.}
}

@article{zhang2021petscsf,
  title     = {The {PetscSF} scalable communication layer},
  author    = {Zhang, Junchao and Brown, Jed and Balay, Satish and Faibussowitsch, Jacob and Knepley, Matthew and Marin, Oana and Mills, Richard Tran and Munson, Todd and Smith, Barry F and Zampini, Stefano},
  journal   = {{IEEE} Transactions on Parallel and Distributed Systems},
  volume    = {33},
  number    = {4},
  pages     = {842--853},
  year      = {2021},
  publisher = {IEEE}
}

@article{knoll2004jacobian,
  title     = {Jacobian-free {N}ewton--{K}rylov methods: a survey of approaches and applications},
  author    = {Knoll, Dana A and Keyes, David E},
  journal   = {Journal of Computational Physics},
  volume    = {193},
  number    = {2},
  pages     = {357--397},
  year      = {2004},
  publisher = {Elsevier}
}

@article{brune2015composing,
  title     = {Composing scalable nonlinear algebraic solvers},
  author    = {Brune, Peter R and Knepley, Matthew G and Smith, Barry F and Tu, Xuemin},
  journal   = {SIAM Review},
  volume    = {57},
  number    = {4},
  pages     = {535--565},
  year      = {2015},
  publisher = {SIAM}
}

@article{abhyankar2018petsc,
  title   = {{PETS}c/{TS}: A modern scalable {ODE}/{DAE} solver library},
  author  = {Abhyankar, Shrirang and Brown, Jed and Constantinescu, Emil M and Ghosh, Debojyoti and Smith, Barry F and Zhang, Hong},
  journal = {arXiv preprint arXiv:1806.01437},
  year    = {2018}
}

@article{Bielich2022,
  title     = {Low-synch {G}ram--{S}chmidt with delayed reorthogonalization for {K}rylov solvers},
  volume    = {112},
  doi       = {10.1016/j.parco.2022.102940},
  journal   = {Parallel Computing},
  publisher = {Elsevier BV},
  author    = {Bielich,  Daniel and Langou,  Julien and Thomas,  Stephen and Świrydowicz,  Kasia and Yamazaki,  Ichitaro and Boman,  Erik G.},
  year      = {2022},
  pages     = {102940}
}

@article{huang2021taskflow,
  title     = {Taskflow: A lightweight parallel and heterogeneous task graph computing system},
  author    = {Huang, Tsung-Wei and Lin, Dian-Lun and Lin, Chun-Xun and Lin, Yibo},
  journal   = {IEEE Transactions on Parallel and Distributed Systems},
  volume    = {33},
  number    = {6},
  pages     = {1303--1320},
  year      = {2021},
  publisher = {IEEE}
}

@inproceedings{Boerner2023,
  series     = {PEARC ’23},
  title      = {{ACCESS: Advancing Innovation: NSF's Advanced Cyberinfrastructure Coordination Ecosystem: Services \& Support}},
  url        = {http://dx.doi.org/10.1145/3569951.3597559},
  doi        = {10.1145/3569951.3597559},
  booktitle  = {Practice and Experience in Advanced Research Computing},
  publisher  = {ACM},
  author     = {Boerner,  Timothy J. and Deems,  Stephen and Furlani,  Thomas R. and Knuth,  Shelley L. and Towns,  John},
  year       = {2023},
  month      = jul,
  collection = {PEARC ’23}
}

@article{brown2021libceed,
  title   = {libCEED: Fast algebra for high-order element-based discretizations},
  author  = {Brown, Jed and Abdelfattah, Ahmad and Barra, Valeria and Beams, Natalie and Camier, Jean-Sylvain and Dobrev, Veselin and Dudouit, Yohann and Ghaffari, Leila and Kolev, Tzanio and Medina, David and others},
  journal = {Journal of Open Source Software},
  volume  = {6},
  number  = {63},
  pages   = {2945},
  year    = {2021}
}


@article{BFKY2011,
  title     = {Multigrid smoothers for ultraparallel computing},
  author    = {Baker, Allison H and Falgout, Robert D and Kolev, Tzanio V and Yang, Ulrike Meier},
  journal   = {SIAM Journal on Scientific Computing},
  volume    = {33},
  number    = {5},
  pages     = {2864--2887},
  year      = {2011},
  publisher = {SIAM}
}

@misc{Apache-2.0,
  key   = {Apache20},
  title = {{Apache License 2.0}},
  note  = {\url{https://spdx.org/licenses/Apache-2.0.html}}
}

@misc{LLVM-exception,
  key   = {LLVMException},
  title = {{LLVM Exception}},
  note  = {\url{https://spdx.org/licenses/LLVM-exception.html}}
}

@misc{LGPL-2.1,
  key   = {LGPL21},
  title = {{GNU Lesser Public License v2.1 or later}},
  note  = {\url{https://spdx.org/licenses/LGPL-2.1-or-later.htmll}}
}

@misc{schreter2023step87,
  author    = {Schreter-Fleischhacker, Magdalena and Munch, Peter},
  title     = {{The deal.II tutorial step-87: evaluation of finite element solutions at arbitrary points within a distributed mesh with application to two-phase flow}},
  month     = {oct},
  year      = {2023},
  publisher = {Zenodo},
  doi       = {10.5281/zenodo.8411345}
}

@misc{Kinnewig2024,
  title         = {Algorithmic realization of the solution to the sign conflict problem for hanging nodes on hp-hexahedral N\'ed\'elec elements},
  author        = {Sebastian Kinnewig and Thomas Wick and Sven Beuchler},
  year          = {2024},
  eprint        = {2306.01416},
  archiveprefix = {arXiv},
  primaryclass  = {math.NA},
  url           = {https://arxiv.org/abs/2306.01416}
}


@article{bangerth2025experienceconvertinglargemathematical,
  title         = {Experience converting a large mathematical software package written in {C++} to {C++20} modules},
  author        = {Wolfgang Bangerth},
  year          = {2025},
  journal       = {arXiv preprint \url{http://arxiv.org/abs/2506.21654}},
  eprint        = {2506.21654},
  archiveprefix = {arXiv},
  url           = {https://arxiv.org/abs/2506.21654}
}

@misc{Brown2014,
  title  = {A {P}roposal for the {W}orld's {D}umbest {S}mart {P}ointer, v4},
  author = {Walter E. Brown},
  year   = {2014},
  url    = {https://www.open-std.org/jtc1/sc22/wg21/docs/papers/2014/n4282.pdf}
}

@article{Filippone2000psblas,
  author  = {Filippone, S. and Colajanni, M.},
  title   = {{PSBLAS}: A library for parallel linear algebra computation on sparse matrices},
  journal = {ACM Transactions on Mathematical Software},
  volume  = {26},
  number  = {4},
  pages   = {527--550},
  year    = {2000}
}

@article{DAmbra2021amg4psblas,
  author  = {D'Ambra, Pasqua and Durastante, Francesca and Filippone, Salvatore},
  title   = {{AMG} preconditioners for linear solvers towards extreme scale},
  journal = {SIAM Journal on Scientific Computing},
  volume  = {43},
  number  = {5},
  pages   = {S679--S703},
  year    = {2021}
}


@article{Zarestky2022,
  author  = {J. Zarestky and M. Bigler and M. Brazile and T. Lopes and W. Bangerth},
  title   = {Reflective Writing Supports Metacognition and Self-regulation in Graduate Computational Science and Engineering},
  journal = {Computers and Education Open},
  year    = {2022},
  volume  = {3},
  pages   = {100085/1--12},
  doi     = {10.1016/j.caeo.2022.100085},
  url     = {http://doi.org/10.1016/j.caeo.2022.100085}
}

@article{Saad1986gmres,
  title = {{GMRES}: A Generalized Minimal Residual Algorithm for Solving Nonsymmetric Linear Systems},
  volume = {7},
  url = {http://dx.doi.org/10.1137/0907058},
  DOI = {10.1137/0907058},
  number = {3},
  journal = {SIAM Journal on Scientific and Statistical Computing},
  author = {Saad,  Youcef and Schultz,  Martin H.},
  year = {1986},
  pages = {856--869}
}

@article{Greif2016gmres,
  title = {{GMRES} with multiple preconditioners},
  volume = {74},
  url = {http://dx.doi.org/10.1007/s40324-016-0088-7},
  DOI = {10.1007/s40324-016-0088-7},
  number = {2},
  journal = {SeMA Journal},
  author = {Greif,  Chen and Rees,  Tyrone and Szyld,  Daniel B.},
  year = {2016},
  pages = {213--231}
}

@article{Wichrowski2025smoothers,
  title = {Smoothers with Localized Residual Computations for Geometric Multigrid Methods for Higher-Order Finite Elements},
  volume = {47},
  url = {http://dx.doi.org/10.1137/23M1625962},
  DOI = {10.1137/23m1625962},
  number = {3},
  journal = {SIAM Journal on Scientific Computing},
  author = {Wichrowski,  Michał and Munch,  Peter and Kronbichler,  Martin and Kanschat,  Guido},
  year = {2025},
  month = may,
  pages = {B645--B664}
}

@article{bergbauer2025high,
  title={High-performance matrix-free unfitted finite element operator evaluation},
  author={Bergbauer, Maximilian and Munch, Peter and Wall, Wolfgang A and Kronbichler, Martin},
  journal={SIAM Journal on Scientific Computing},
  volume={47},
  number={3},
  pages={B665--B689},
  year={2025},
  publisher={SIAM}
}


@article{wichrowski2025matrix,
    title={{Matrix-Free Ghost Penalty Evaluation via Tensor Product Factorization}},
    author={Wichrowski, Micha{\l}},
    journal={arXiv preprint arXiv:2503.00246},
    year={2025}
}